@BOOK
{	Rational,
	TITLE = "Rational Points on Elliptic Curves",
	AUTHOR = "Joseph H. Silverman, John Tate",
	PUBLISHER = "Springer -- Verlag",
	YEAR = "1992"
}

@INCOLLECTION
{	EllipticIntro,
	TITLE = "Elliptic Curve Public Key Cryptosystems -- An Introduction",
	AUTHOR = "Erik De Win and Bart Preneel",
	BOOKTITLE = "Lecture Notes in Computer Science, Volume 1528",
	PUBLISHER = "Springer -- Verlag",
	YEAR = "1998",
	PAGES = "131-141"
}
@MISC
{	PSEC-1,
	AUTHOR = "Tatsuaki Okamoto, Eiichiro Fujisaki and Hikaru Morita",
	TITLE = "PSEC: Provably Secure Elliptic Curve Encryption Scheme (Submission to P1363a)",
	HOWPUBLISHED = "Submission to IEEE P1363a Encryption Standard",
	YEAR = "1999",
	MONTH = "March",
	NOTE = "URL: {\tt http://grouper.ieee.org/groups/1363}"
}

@MISC
{	PSEC-3,
	AUTHOR = "Tatsuaki Okamoto and David Pointcheval",
	TITLE = "PSEC-3: Provably Secure Elliptic Curve Encryption Scheme -- V3",
	HOWPUBLISHED = "Submission to IEEE P1363a Encryption Standard",
	YEAR = "2000",
	MONTH = "May",
	NOTE = "URL: {\tt http://grouper.ieee.org/groups/1363}"
}

@BOOK
{	EllipAlg,
	TITLE = "Algebraic Aspects of Cryptography",
	AUTHOR = "Neal Koblitz",
	PUBLISHER = "Springer -- Verlag",
	YEAR = "1998"
}

@BOOK
{	EllipImpl,
	TITLE = "Elliptic Curves in Cryptography",
	AUTHOR = "Ian Blake, Gadiel Seroussi and Nigel Smart",
	PUBLISHER = "Cambridge University Press",
	YEAR = "1999"
}

@BOOK
{	Lang,
	TITLE = "Algebra",
	AUTHOR = "Serge Lang",
	PUBLISHER = "Addison-Wesley Publishing Company",
	YEAR = "1965"
}

@BOOK
{	Enge,
	TITLE = "Elliptic Curves and their applications to cryptography: An Introduction",
	AUTHOR = "Andreas Enge",
	PUBLISHER = "Kluwer Academic Publishers",
	YEAR = "1999"
}

@INPROCEEDINGS
{	EllipImplPap,
	TITLE = "On Performance of Signature Schemes based on Elliptic Curves",
	AUTHOR = "Erik De Win, Serge Mister, Bart Preneel and Michael Wiener",
	BOOKTITLE = "Algorithmic Number Theory Symposium III".
	SERIES = "Lecture Notes in Computer Science, Volume 1423,
	EDITOR = "J P Buhler",
	PUBLISHER = "Springer -- Verlag",
	PAGES = "252-266",
	YEAR = "1998"
}

